@article{henze07, 
   author = {Henze, D. K. and Hakami, A. and Seinfeld, J. H.},
   title = {Development of the adjoint of GEOS-Chem},
   journal = {Atmos. Chem. Phys.},
   volume = {7},
   number = {9},
   pages = {2413-2433},
   note = {ACP},
   ISSN = {1680-7316},
   year = {2007},
   type = {Journal Article}
}

@article{henze09,
   author = {Henze, D. K. and Seinfeld, J. H. and Shindell, D. T.},
   title = {Inverse modeling and mapping US air quality influences of inorganic PM2.5 precursor emissions using the adjoint of GEOS-Chem},
   journal = {Atmos. Chem. Phys.},
   volume = {9},
   number = {16},
   pages = {5877-5903},
   note = {ACP},
   ISSN = {1680-7316},
   year = {2009},
   type = {Journal Article}
}

@article{koven08,
   author = {Koven, Charles D. and Fung, Inez},
   title = {Identifying global dust source areas using high-resolution land surface form},
   journal = {J. Geophys. Res.},
   volume = {113},
   number = {D22},
   pages = {D22204},
   ISSN = {0148-0227},
   url = {http://dx.doi.org/10.1029/2008JD010195},
   year = {2008},
   type = {Journal Article}
}

@article{ginoux01,
   author = {Ginoux, Paul and Chin, Mian and Tegen, Ina and Prospero, Joseph M. and Holben, Brent and Dubovik, Oleg and Lin, Shian-Jiann},
   title = {Sources and distributions of dust aerosols simulated with the GOCART model},
   journal = {J. Geophys. Res.},
   volume = {106},
   number = {D17},
   pages = {20255-20273},
   ISSN = {0148-0227},
   url = {http://dx.doi.org/10.1029/2000JD000053},
   year = {2001},
   type = {Journal Article}
}

@article{textor06,
   author = {Textor, C. and Schulz, M. and Guibert, S. and Kinne, S. and Balkanski, Y. and Bauer, S. and Berntsen, T. and Berglen, T. and Boucher, O. and Chin, M. and Dentener, F. and Diehl, T. and Easter, R. and Feichter, H. and Fillmore, D. and Ghan, S. and Ginoux, P. and Gong, S. and Grini, A. and Hendricks, J. and Horowitz, L. and Huang, P. and Isaksen, I. and Iversen, I. and Kloster, S. and Koch, D. and Kirkev√•g, A. and Kristjansson, J. E. and Krol, M. and Lauer, A. and Lamarque, J. F. and Liu, X. and Montanaro, V. and Myhre, G. and Penner, J. and Pitari, G. and Reddy, S. and Seland, √ò and Stier, P. and Takemura, T. and Tie, X.},
   title = {Analysis and quantification of the diversities of aerosol life cycles within AeroCom},
   journal = {Atmos. Chem. Phys.},
   volume = {6},
   number = {7},
   pages = {1777-1813},
   note = {ACP},
   ISSN = {1680-7316},
   url = {http://www.atmos-chem-phys.net/6/1777/2006/
http://www.atmos-chem-phys.net/6/1777/2006/acp-6-1777-2006.pdf},
   year = {2006},
   type = {Journal Article}
}

@article{shao11,
   author = {Shao, Yaping and Wyrwoll, Karl-Heinz and Chappell, Adrian and Huang, Jianping and Lin, Zhaohui and McTainsh, Grant H. and Mikami, Masao and Tanaka, Taichu Y. and Wang, Xulong and Yoon, Soonchang},
   title = {Dust cycle: An emerging core theme in Earth system science},
   journal = {Aeolian Research},
   volume = {2},
   number = {4},
   pages = {181-204},
   note = {doi: 10.1016/j.aeolia.2011.02.001},
   ISSN = {1875-9637},
   url = {http://www.sciencedirect.com/science/article/pii/S1875963711000085},
   year = {2011},
   type = {Journal Article}
}

@article{tegen94,
   author = {Tegen, Ina and Fung, Inez},
   title = {Modeling of mineral dust in the atmosphere: Sources, transport, and optical thickness},
   journal = {J. Geophys. Res.},
   volume = {99},
   number = {D11},
   pages = {22897-22914},
   ISSN = {0148-0227},
   url = {http://dx.doi.org/10.1029/94JD01928},
   year = {1994},
   type = {Journal Article}
}

@article{zender03a,
   author = {Zender, Charles S. and Bian, Huisheng and Newman, David},
   title = {Mineral Dust Entrainment and Deposition (DEAD) model: Description and 1990s dust climatology},
   journal = {J. Geophys. Res.},
   volume = {108},
   number = {D14},
   pages = {4416},
   ISSN = {0148-0227},
   url = {http://dx.doi.org/10.1029/2002JD002775},
   year = {2003},
   type = {Journal Article}
}

@article{zender03b,
   author = {Zender, Charles S. and Newman, David and Torres, Omar},
   title = {Spatial heterogeneity in aeolian erodibility: Uniform, topographic, geomorphic, and hydrologic hypotheses},
   journal = {J. Geophys. Res.},
   volume = {108},
   number = {D17},
   pages = {4543},
   ISSN = {0148-0227},
   url = {http://dx.doi.org/10.1029/2002JD003039},
   year = {2003},
   type = {Journal Article}
}

@article{huneeus11,
   author = {Huneeus, N. and Schulz, M. and Balkanski, Y. and Griesfeller, J. and Prospero, J. and Kinne, S. and Bauer, S. and Boucher, O. and Chin, M. and Dentener, F. and Diehl, T. and Easter, R. and Fillmore, D. and Ghan, S. and Ginoux, P. and Grini, A. and Horowitz, L. and Koch, D. and Krol, M. C. and Landing, W. and Liu, X. and Mahowald, N. and Miller, R. and Morcrette, J. J. and Myhre, G. and Penner, J. and Perlwitz, J. and Stier, P. and Takemura, T. and Zender, C. S.},
   title = {Global dust model intercomparison in AeroCom phase I},
   journal = {Atmos. Chem. Phys.},
   volume = {11},
   number = {15},
   pages = {7781-7816},
   note = {ACP},
   ISSN = {1680-7324},
   url = {http://www.atmos-chem-phys.net/11/7781/2011/
http://www.atmos-chem-phys.net/11/7781/2011/acp-11-7781-2011.pdf},
   year = {2011},
   type = {Journal Article}
}

@article{uno06,
   author = {Uno, I. and Wang, Z. and Chiba, M. and Chun, Y. S. and Gong, S. L. and Hara, Y. and Jung, E. and Lee, S. S. and Liu, M. and Mikami, M. and Music, S. and Nickovic, S. and Satake, S. and Shao, Y. and Song, Z. and Sugimoto, N. and Tanaka, T. and Westphal, D. L.},
   title = {Dust model intercomparison (DMIP) study over Asia: Overview},
   journal = {J. Geophys. Res.},
   volume = {111},
   number = {D12},
   pages = {D12213},
   ISSN = {0148-0227},
   url = {http://dx.doi.org/10.1029/2005JD006575},
   year = {2006},
   type = {Journal Article}
}
