@article{henze2007, 
   author = {Henze, D. K. and Hakami, A. and Seinfeld, J. H.},
   title = {Development of the adjoint of GEOS-Chem},
   journal = {Atmos. Chem. Phys.},
   volume = {7},
   number = {9},
   pages = {2413-2433},
   note = {ACP},
   ISSN = {1680-7316},
   year = {2007},
   type = {Journal Article}
}

@article{koven2008,
   author = {Koven, Charles D. and Fung, Inez},
   title = {Identifying global dust source areas using high-resolution land surface form},
   journal = {J. Geophys. Res.},
   volume = {113},
   number = {D22},
   pages = {D22204},
   ISSN = {0148-0227},
   url = {http://dx.doi.org/10.1029/2008JD010195},
   year = {2008},
   type = {Journal Article}
}
